@article{ukkonen,
  author    = {Esko Ukkonen},
  title     = {On-Line Construction of Suffix Trees},
  journal   = {Algorithmica},
  volume    = {14},
  number    = {3},
  year      = {1995},
  pages     = {249-260},
  ee        = {http://dx.doi.org/10.1007/BF01206331},
  bibsource = {DBLP, http://dblp.uni-trier.de}
}
